@article{deltas1999auction,
	title={Auction size and price dynamics in sequential auctions},
	author={Deltas, George},
	journal={Bureau of Economics \& Business Research, Working Paper},
	number={98-0117},
	year={1999}
}

@misc{ashenfelter1992testing,
	title={Testing for price anomalies in real estate auctions},
	author={Ashenfelter, Orley C and Genesove, David},
	year={1992},
	publisher={National Bureau of Economic Research Cambridge, Mass., USA}
}

@article{ginsburgh1998absentee,
	title={Absentee bidders and the declining price anomaly in wine auctions},
	author={Ginsburgh, Victor},
	journal={Journal of political Economy},
	volume={106},
	number={6},
	pages={1302--1319},
	year={1998},
	publisher={The University of Chicago Press}
}

@article{deltas2004catalogue,
	title={‘Catalogue’vs ‘Order-of-sale’effects in sequential auctions: Theory and evidence from a rare book sale},
	author={Deltas, George and Kosmopoulou, Georgia},
	journal={The Economic Journal},
	volume={114},
	number={492},
	pages={28--54},
	year={2004},
	publisher={Oxford University Press Oxford, UK}
}